% This file was created with JabRef 2.5.
% Encoding: UTF-8

@STRING{AMAI = {Annals of Mathematics and Artificial Intelligence}}

@INPROCEEDINGS{elplusfurther,
  author = {F. Baader and S. Brandt and C. Lutz},
  title = {Pushing the $\mathcal{EL}$ Envelope Further},
  booktitle = {Proc.{} OWLED08DC},
  year = {2008},
  note = {\url{http://ceur-ws.org/Vol-496}},
  owner = {heymans},
  timestamp = {2010.02.10}
}

@INPROCEEDINGS{elplus,
  author = {F. Baader and S. Brandt and C. Lutz},
  title = {Pushing the $\mathcal{EL}$ Envelope},
  booktitle = {Proc.{} IJCAI},
  year = {2005},
  pages = {364-369},
  publisher = {Morgan-Kaufmann Publishers},
  owner = {heymans},
  timestamp = {2010.02.10}
}

@INPROCEEDINGS{baader-kr1996,
  author = {F. Baader and U. Sattler},
  title = {Number Restrictions on Complex Roles in {DL}s: A Preliminary Report},
  booktitle = {Proc.{} KR},
  year = {1996},
  pages = {328-339},
  owner = {heymans},
  timestamp = {2010.02.12}
}

@ARTICLE{baral-subr:1993,
  author = {C. Baral and V. S. Subrahmanian},
  title = {Dualities Between Alternative Semantics for Logic Programming and
	Nonmonotonic Reasoning},
  journal = {JAR},
  year = {1993},
  volume = {10},
  pages = {399--420},
  number = {3}
}

@ARTICLE{dllite,
  author = {D. Calvanese and G. de Giacomo and D. Lembo and M. Lenzerini and
	Riccardo Rosati},
  title = {Tractable Reasoning and Efficient Query Answering in Description
	Logics: The {DL-Lite} Family},
  journal = {JAR},
  year = {2007},
  volume = {39},
  pages = {385--429},
  number = {3},
  owner = {heymans},
  timestamp = {2010.02.10}
}

@ARTICLE{dantsin,
  author = {E. Dantsin and T. Eiter and G. Gottlob and A. Voronkov},
  title = {Complexity and Expressive Power of Logic Programming},
  journal = {ACM Computing Surveys},
  year = {2001},
  volume = {33},
  pages = {374--425},
  number = {3},
  owner = {stijn},
  timestamp = {2010.02.11}
}

@ARTICLE{eite-etal-07b,
  author = {T. Eiter and W. Faber and M. Fink and S. Woltran},
  title = {{Complexity Results for Answer Set Programming with Bounded Predicate
	Arities}},
  journal = AMAI,
  year = {2007},
  volume = {51},
  pages = {123-165},
  number = {2-4},
  projectref = {FWF-EQUIV}
}

@TECHREPORT{eiter-tr2009,
  author = {T. Eiter and G. Ianni and T. Lukasiewicz and R. Schindlauer},
  title = {Well-founded Semantics for Description Logic Programs in the {S}emantic
	{W}eb},
  institution = {Institute for Informationsystems},
  year = {2009},
  number = {1843-09-01},
  month = {March},
  owner = {heymans},
  timestamp = {2010.02.04}
}

@ARTICLE{eiter-ai2008,
  author = {T. Eiter and G. Ianni and T. Lukasiewicz and R. Schindlauer and H.
	Tompits},
  title = {Combining answer set programming with description logics for the
	{S}emantic {W}eb},
  journal = {Artificial Intelligence},
  year = {2008},
  volume = {172},
  pages = {1495--1539},
  number = {12-13},
  owner = {stijn},
  publisher = {Elsevier Science Publishers Ltd.},
  timestamp = {2010.02.15}
}

@INPROCEEDINGS{eite-etal-04f,
  author = {T. Eiter and T. Lukasiewicz and R. Schindlauer and H. Tompits},
  title = {Well-foun\-ded Semantics for Description Logic Programs in the {Semantic
	Web}},
  booktitle = {Proc.{} RuleML},
  year = {2004},
  pages = {81--97},
  note = {Full paper {\em ACM TOCL}, (to appear)}
}

@ARTICLE{Gelder+RossETAL-WellSemaGeneLogi:91,
  author = {A. Van Gelder and K. Ross and J. S. Schlipf},
  title = {The Well-Founded Semantics for General Logic Programs},
  journal = {JACM},
  year = {1991},
  volume = {38},
  pages = {620--650},
  number = {3}
}

@INPROCEEDINGS{Gelfond+Lifschitz-StabModeSemaLogi:88,
  author = {M. Gelfond and V. Lifschitz},
  title = {The Stable Model Semantics for Logic Programming},
  booktitle = {Proc.{} ICLP },
  year = {1988},
  pages = {1070--1080},
  publisher = {The {MIT} Press}
}

@INPROCEEDINGS{grosof,
  author = {B. N. Grosof and I. Horrocks and R. Volz and S. Decker},
  title = {Description Logic Programs: Combining Logic Programs with Description
	Logic},
  booktitle = {Proc.{} WWW 2003},
  year = {2003},
  pages = {48-57},
  publisher = {ACM},
  owner = {heymans},
  timestamp = {2010.02.10}
}

@INPROCEEDINGS{heymans-ecai2010,
  author = {S. Heymans and T. Eiter and G. Xiao},
  title = {Tractable Reasoning with {DL}-Programs over Datalog-rewritable Description
	Logics},
  booktitle = {Proc. 19th European Conference on Artificial Intelligence (ECAI)},
  year = {2010},
  publisher = {IOS Press},
  note = {Accepted for Publication},
  owner = {stijn},
  timestamp = {2010.05.26}
}

@ARTICLE{heymans-acm2008,
  author = {S. Heymans and D. Van Nieuwenborgh and D. Vermeir},
  title = {Open Answer Set Programming with Guarded Programs},
  journal = {ToCL},
  year = {2008},
  volume = {9},
  pages = {1-53},
  number = {4},
  groups = {public},
  interhash = {7792662cdb3c0634c367739a93a15d89},
  intrahash = {9a5afdd9cb7c25947b4c01ce219527af},
  keywords = {ontorule, journal, 2008, openanswersetprogramming, ontologies, acm,
	myown, guarded, rules, d73},
  owner = {stijn.heymans},
  timestamp = {2010-02-04 13:56:54},
  url = {http://www.kr.tuwien.ac.at/staff/heymans/priv/publications/tocl2007.pdf}
}

@ARTICLE{Horrocks+Patel-Schneider-ReduEntaDescLogi:03,
  author = {I. Horrocks and P. F. Patel-Schneider},
  title = {Reducing {OWL} entailment to description logic satisfiability},
  journal = {Journal of Web Semantics},
  year = {2004},
  volume = {1},
  pages = {345--357},
  number = {4},
  owner = {heymans},
  timestamp = {2010.02.09}
}

@ARTICLE{HoPH03a,
  author = {I. Horrocks and P. F. Patel-Schneider and Frank van Harmelen},
  title = {From {$\mathcal{SHIQ}$} and {RDF} to {OWL}: {T}he making of a {W}eb
	Ontology Language},
  journal = {Journal of Web Semantics},
  year = {2003},
  volume = {1},
  pages = {7--26},
  number = {1},
  owner = {heymans},
  timestamp = {2010.02.09}
}

@INPROCEEDINGS{hustadt,
  author = {Hustadt, U. and Motik, B. and Sattler, U.},
  title = {Reducing {$\mathcal{SHIQ}^-$} Description Logic to Disjunctive Datalog
	Programs},
  booktitle = {Proc. of KR},
  year = {2004},
  pages = {152--162},
  publisher = {AAAI Press}
}

@INPROCEEDINGS{elp-krotzsch,
  author = {M. Kr\"otzsch and S. Rudolph and P. Hitzler},
  title = {{ELP}: Tractable Rules for {OWL} 2},
  booktitle = {Proc. ISWC 2008},
  year = {2008},
  pages = {649-664},
  owner = {stijn},
  timestamp = {2010.05.11}
}

@INPROCEEDINGS{Krotzsch+Rudolph+Hitzler-DLRules:2008,
  author = {M. Kr\"{o}tzsch and S. Rudolph and P. Hitzler},
  title = {Description Logic Rules},
  booktitle = {Proc.{} ECAI},
  year = {2008},
  pages = {80-84},
  publisher = {IOS Press},
  owner = {stijn},
  timestamp = {2010.02.15}
}

@INPROCEEDINGS{lukanovel,
  author = {T. Lukasiewicz},
  title = {A Novel Combination of Answer Set Programming with Description Logics
	for the Semantic Web},
  booktitle = {Proc.{} ESWC},
  year = {2007},
  pages = {348--398},
  owner = {stijn},
  timestamp = {2010.02.15}
}

@INPROCEEDINGS{moti-rosa-07,
  author = {B. Motik and R. Rosati},
  title = {A Faithful Integration of Description Logics with Logic Programming},
  booktitle = {Proc.\ IJCAI},
  year = {2007},
  pages = {477-482},
  bibsource = {DBLP, http://dblp.uni-trier.de},
  ee = {http://www.ijcai.org/papers07/Papers/IJCAI07-075.pdf}
}

@ARTICLE{motik,
  author = {B. Motik and U. Sattler and R. Studer},
  title = {Query Answering for {OWL-DL} with Rules},
  journal = {Journal of Web Semantics},
  year = {2005},
  volume = {3},
  pages = {41--60},
  number = {1},
  month = {July},
  owner = {stijn},
  timestamp = {2010.02.15}
}

@INPROCEEDINGS{rosati-kr2006,
  author = {R. Rosati},
  title = {{DL+log}: Tight Integration of Description Logics and Disjunctive
	Datalog},
  booktitle = {Proc.{} KR},
  year = {2006},
  pages = {68--78},
  owner = {stijn},
  timestamp = {2010.02.15}
}

@ARTICLE{rosati-jws,
  author = {R. Rosati},
  title = {On the Decidability and Complexity of Integrating Ontologies and
	Rules},
  journal = {Journal of Web Semantics},
  year = {2005},
  volume = {3},
  pages = {41--60},
  number = {1},
  owner = {stijn},
  timestamp = {2010.02.15}
}

@INPROCEEDINGS{swift,
  author = {T. Swift},
  title = {Deduction in Ontologies via {ASP}},
  booktitle = {Proc. of LPNMR},
  year = {2004},
  pages = {275-288}
}

@ARTICLE{Tars55,
  author = {A. Tarski},
  title = {A Lattice-Theoretical Fixpoint Theorem and its Applications},
  journal = {Pacific Journal of Mathematics},
  year = {1955},
  volume = {5},
  pages = {285--309}
}

@BOOK{dlbook,
  title = {The Description Logic Handbook},
  publisher = {CUP},
  year = {2003},
  editor = {F. Baader and D. Calvanese and D. L. McGuinness and D. Nardi and
	P. F. Patel-Schneider}
}

@BOOK{owlprofiles,
  title = {{OWL} 2 Web Ontology Profiles},
  year = {2008},
  editor = {B. Motik and B. Cuenca Grau and I. Horrocks and Z. Wu and A. Fokoue
	and C. Lutz},
  publisher = {W3C},
  note = "W3C Rec. 27 Oct. 2009, \url{http://www.w3.org/TR/owl2-profiles/}"
}

@BOOK{Motik+Patel-SchneiderETAL-:08,
  title = {{OWL} 2 Web Ontology Language: Structural Specification and Functional-Style
	Syntax},
  year = {2008},
  editor = {B. Motik and P. F. Patel-Schneider and B. Parsia},
  note = {W3C Working Draft April 2009},
  owner = {heymans},
  timestamp = {2010.02.09}
}

@BOOK{owlguide,
  title = {{OWL} Web Ontology Language Guide},
  year = {2004},
  editor = {M. K. Smith and C. Welty and D. L. McGuinness},
  note = {W3C Recommendation 10 February 2004},
  owner = {stijn},
  timestamp = {2010.02.11}
}

@inproceedings{ortiz-horndl,
  author = {M. Ortiz and S. Rudolph and M. Simkus},
  booktitle = {KR},
  pages = {269-279},
  publisher = {AAAI Press},
  title = {Worst-case Optimal Reasoning for the {H}orn-DL Fragments of {OWL} 1 and 2},
  year = 2010,
  month = may
}

@TechReport{lubm,
  author = 	 {Y. Guo and Z. Pan and J. Heflin},
  title = 	 {An Evaluation of Knowledge Base Systems for Large OWL Datasets},
  institution =  { CSE Department, Lehigh University},
  year = 	 {2004},
  note = 	 {Y. Guo, Z. Pan, and J. Heflin. An Evaluation of
                  Knowledge Base Systems for Large OWL
                  Datasets. Technical Report LU-CSE-04-012, CSE
                  Department, Lehigh University, 2004.},

}




@PhdThesis{motik-thesis,
  author = 	 {B. Motik},
  title = 	 {Reasoning in Description Logics using Resolution and Deductive Databases},
  school = 	 {University of Karlsruhe, Karlsruhe, Germany},
  year = 	 {2006},
  OPTkey = 	 {},
  OPTtype = 	 {},
  OPTaddress = 	 {},
  month = 	 {January},
  OPTnote = 	 {},
  OPTannote = 	 {}
}

@article{pellet,
  author    = {E. Sirin and
               B. Parsia and
               B. {Cuenca Grau} and
               A. Kalyanpur and
               Y. Katz},
  title     = {Pellet: A practical {OWL-DL} reasoner},
  journal   = {J. Web Sem.},
  volume    = {5},
  number    = {2},
  year      = {2007},
  pages     = {51-53},
  ee        = {http://dx.doi.org/10.1016/j.websem.2007.03.004},
  bibsource = {DBLP, http://dblp.uni-trier.de}
}

@inproceedings{racerpro,
  author    = {V. Haarslev and
               R. M{\"o}ller},
  title     = {RACER System Description},
  booktitle = {IJCAR},
  year      = {2001},
  pages     = {701-706},
  ee        = {http://link.springer.de/link/service/series/0558/bibs/2083/20830701.htm},
  editor    = {Rajeev Gor{\'e} and
               Alexander Leitsch and
               Tobias Nipkow},
  publisher = {Springer},
  series    = {Lecture Notes in Computer Science},
  volume    = {2083},
  isbn      = {3-540-42254-4},
  bibsource = {DBLP, http://dblp.uni-trier.de}
}

@inproceedings{dlvhex,
  author    = {T. Eiter and
               G. Ianni and
               R. Schindlauer and
               H. Tompits},
  title     = {Effective Integration of Declarative Rules with External
               Evaluations for Semantic-Web Reasoning},
  booktitle = {ESWC},
  year      = 2006,
  pages     = {273-287},
  ee        = {http://dx.doi.org/10.1007/11762256_22},
  bibsource = {DBLP, http://dblp.uni-trier.de},
  publisher = {Springer},
  series    = {LNCS},
  volume    = 4011,
  isbn      = {3-540-34544-2}
}

@inproceedings{dl-rules,
  author    = {M. Kr{\"o}tzsch and
               S. Rudolph and
               P. Hitzler},
  title     = {Description Logic Rules},
  year      = {2008},
  pages     = {80-84},
  ee        = {http://dx.doi.org/10.3233/978-1-58603-891-5-80},
  editor    = {M. Ghallab and
               C.D. Spyropoulos and
               N. Fakotakis and
               N.M. Avouris},
  booktitle = {ECAI},
  publisher = {IOS Press},
}

@inproceedings{horrocks-www2004,
 author = {I. Horrocks and P.F. Patel-Schneider},
 title = {A proposal for an {OWL} rules language},
 booktitle = WWW,
 year = {2004},
 pages = {723--731},
 publisher = {ACM},
 }

@inproceedings{KnorrAH08,
  author    = {M. Knorr and
               J.J.  Alferes and
               P. Hitzler},
  title     = {A Coherent Well-founded Model for Hybrid {MKNF} Knowledge
               Bases},
  booktitle = {ECAI},
  year      = {2008},
  pages     = {99-103},
  ee        = {http://dx.doi.org/10.3233/978-1-58603-891-5-99},
  publisher = {IOS Press},
  series    = {Frontiers in Artificial Intelligence and Applications},
  volume    = {178},
  year      = {2008},
  isbn      = {978-1-58603-891-5},
}

@inproceedings{AlferesKS09,
  author    = {J.J. Alferes and
               M. Knorr and
               T. Swift},
  title     = {Queries to Hybrid {MKNF} Knowledge Bases through Oracular
               Tabling},
  booktitle = {International Semantic Web Conference},
  year      = {2009},
  pages     = {1-16},
  publisher = {Springer},
  series    = {Lecture Notes in Computer Science},
  volume    = {5823},
  isbn      = {978-3-642-04929-3},
}


@inproceedings{KrotzschR09,
  author    = {M. Kr{\"o}tzsch and
               S. Rudolph},
  title     = {A Matter of Principles: Towards the Largest DLP Possible},
  booktitle = {Description Logics},
  ee        = {http://ceur-ws.org/Vol-477/paper_62.pdf},
  series    = {CEUR Workshop Proceedings},
  volume    = 477,
  year      = 2009,
}

@TECHREPORT(Ontorule-D3.1,
       author = "J. {de Bruijn} and P. Bonnard and H. Citeau and S. Dehors and S. Heymans and J. P{\"u}hrer and T. Eiter",
       title = "Combinations of Rules and Ontologies: State-of-the-Art Survey of Issues",
       year = 2009,
       month = "June",
       institution = "Ontorule Project Consortium",
       address = "",
       number = "Ontorule D3.1",
       note = "\url{http://ontorule-project.eu/}"
)

@mastersthesis{tkren2007-thesis,
  author = {T. Krennwallner},
  keywords = {Answer Set Programming, Conjunctive Queries, Description Logics, Disjunctive Datalog, Hybrid Knowledge Base, Nonmonotonic Reasoning, Ontology, Rule Languages},
  month = oct,
  project = {IST-REWERSE,FWF-P17212},
  school = {Vienna University of Technology},
  title = {{Integration of Conjunctive Queries over Description Logics into HEX-Programs}},
  url = {http://www.kr.tuwien.ac.at/staff/tkren/pub/2007/thesis.pdf},
  year = 2007,
  bdsk-url-1 = {http://www.kr.tuwien.ac.at/staff/tkren/pub/2007/thesis.pdf}
}

@incollection {Antoniou02,
   author = {Antoniou, G.},
   affiliation = {University of Bremen Dept. of Computer Science Germany},
   title = {Nonmonotonic Rule Systems on Top of Ontology Layers},
   booktitle = {The Semantic Web — ISWC 2002},
   series = {Lecture Notes in Computer Science},
   editor = {Horrocks, I. and Hendler, J.},
   publisher = {Springer Berlin / Heidelberg},
   isbn = {},
   pages = {394-398},
   volume = {2342},
   url = {http://dx.doi.org/10.1007/3-540-48005-6_30},
   year = {2002}
}

@incollection {FLogicex,
   author = {S. Heymans and
			R. Korf and
			M. Erdmann and
			J. P\"uhrer and
			T. Eiter},
   title = {Loosely Coupling F-Logic Rules and Ontologies},
   booktitle = "IEEE/WIC/ACM International Conference on Web Intelligence (WI 2010)",
   publisher = "IEEE Computer Society",
       pages = "248-255",
   year = {2010}
}

@inproceedings{HeymansEX-ECAI10,
  author    = {S. Heymans and
               T. Eiter and
               G. Xiao},
  title     = {Tractable Reasoning with DL-Programs over Datalog-rewritable
               Description Logics},
  booktitle = {ECAI},
  year      = {2010},
  pages     = {35-40},
  publisher = {IOS Press},
  series    = {Frontiers in Artificial Intelligence and Applications},
  volume    = {215},
  isbn      = {978-1-60750-605-8},
  ee        = {http://www.booksonline.iospress.nl/Content/View.aspx?piid=17702},
  bibsource = {DBLP, http://dblp.uni-trier.de}
}


@inproceedings{XiaoHE-Bruo2010,
author = { G. Xiao and S. Heymans and T. Eiter},
title = {{DReW}: a Reasoner for Datalog-rewritable Description Logics and
  DL-Programs},
       booktitle     = {Informal Proc.\ BuRO 2010, Sept 21, 2010, Bressanone/Italy
},
year= 2010,
}

@phdthesis{phdthesis-heymans,
  author = {S. Heymans},
  interhash = {fd2a967bdbfd71348f4caea7aaf1837c},
  intrahash = {078b525a4d49ca134dd752cf10a3eef7},
  school = {Theoretical Computer Science Lab (TINF), CS Dept, Vrije Universiteit Brussel},
  title = {Decidable Open Answer Set Programming},
  type = {PhD Thesis},
  url = {http://www.kr.tuwien.ac.at/staff/heymans/priv/publications/doasp_phd.pdf},
  year = 2006,
  keywords = {2006 d73 myown ontorule thesis},
  added-at = {2009-11-03T15:34:41.000+0100},
  biburl = {http://www.bibsonomy.org/bibtex/2078b525a4d49ca134dd752cf10a3eef7/stijn.heymans},
  month = {February}
}

@inproceedings{HeymansFE-RR09,
  author    = {S. Heymans and
               C. Feier and
               T. Eiter},
  title     = {A Reasoner for Simple Conceptual Logic Programs},
  booktitle = {RR},
  year      = {2009},
  pages     = {55-70},
  editor    = {Axel Polleres and
               Terrance Swift},
  publisher = {Springer},
  series    = {Lecture Notes in Computer Science},
  volume    = {5837},
  isbn      = {978-3-642-05081-7},
  ee        = {http://dx.doi.org/10.1007/978-3-642-05082-4},
  bibsource = {DBLP, http://dblp.uni-trier.de}
}

@inproceedings{Kazakov-ijcai09,
  author    = {Y. Kazakov},
  title     = {Consequence-Driven Reasoning for {H}orn {$\mathcal{SHIQ}$} Ontologies},
  booktitle = {IJCAI},
  year      = {2009},
  pages     = {2040-2045},
  ee        = {http://ijcai.org/papers09/Papers/IJCAI09-336.pdf},
  editor    = {Craig Boutilier},
  bibsource = {DBLP, http://dblp.uni-trier.de}
}

@techreport{SWRL,
  author = {I. Horrocks and P.F. Patel-Schneider and H. Boley and S. Tabet and B. Grosof and M. Dean},
  institution = {World Wide Web Consortium},
  interhash = {c87a1f9b5260aab22991c1f5fbf080e4},
  intrahash = {2d8131417d62c9d8744532fe92c439f4},
  title = {{SWRL}: A Semantic Web Rule Language Combining {OWL} and {RuleML}},
  type = {{W3C Member Submission}},
  url = {http://www.w3.org/Submission/SWRL},
  year = 2004,
  keywords = {description logic rule semantic},
  owner = {Roberto},
  biburl = {http://www.bibsonomy.org/bibtex/22d8131417d62c9d8744532fe92c439f4/aljsanchez}
}

@Article{mr10mknf-rules,
    author = "B. Motik and R. Rosati",
    title = "{Reconciling Description Logics and Rules}",
    journal = "Journal of the ACM",
    volume = "57",
    number = "5",
    pages = "1--62",
    year = "2010",
}

@inproceedings{alpsws2006-heymans,
  author = {S. Heymans and L. Prediou and C. Feier and J. {de Bruijn} and D. {van Nieuwenborgh}},
  title = {G-hybrid Knowledge Bases},
  booktitle = {Proc. of ICLP'06 Workshop on Applications of Logic Programming in the Semantic Web and Semantic Web Services (ALPSWS 2006)},
  year = {2006},
  url = {pubs/alpsws2006.pdf},
  keywords = {2006 myown refereedpub}
}

@article{EiterILS-tocl11,
  author    = {T. Eiter and
               G. Ianni and
               T. Lukasiewicz and
               R. Schindlauer},
  title     = {Well-founded semantics for description logic programs in
               the {Semantic Web}},
  journal   = {ACM Trans. Comput. Log.},
  volume    = {12},
  number    = {2},
  year      = {2011},
  pages     = {11},
  ee        = {http://doi.acm.org/10.1145/1877714.1877717},
  bibsource = {DBLP, http://dblp.uni-trier.de}
}


@inproceedings{RosatiA-kr10,
  author    = {R. Rosati and
               A. Almatelli},
  title     = {Improving Query Answering over DL-Lite Ontologies},
  booktitle = {KR},
  year      = 2010,
  ee        = {http://aaai.org/ocs/index.php/KR/KR2010/paper/view/1400},
  publisher = {AAAI Press},
}

@MastersThesis{patrik-thesis,
  author = 		 {P. Schneider},
  title = 		 {Evaluation of Description Logic
Programs using an {RDBMS}},
  school = 		 {Vienna University of Technology},
  year = 		 2010,
  month = 	 {December}}

@inproceedings{FaberGL-aaai08,
  author    = {W. Faber and
               G. Greco and
               N.  Leone},
  title     = {Magic Sets for Data Integration},
  booktitle = {AAAI},
  year      = 2008,
  pages     = {1528-1531},
  editor    = {D. Fox and
               C.P. Gomes},
  publisher = {AAAI Press},
  isbn      = {978-1-57735-368-3},
}

@article{DBLP:journals/jar/CalvaneseGLLR07,
  author = "Diego Calvanese and Domenico Lembo and Maurizio Lenzerini and Riccardo Rosati ",
  title = "Tractable Reasoning and Efficient Query Answering in Description Logics: The {DL}-{L}ite Family",
  journal = "Journal of Automated Reasoning",
  volume = "39",
  number = "3",
  pages = "385--429",
  month = "October",
  year = "2007"
}


@inproceedings{DBLP:conf/aaai/Bienvenu12,
  author = "Meghyn Bienvenu",
  title = "On the Complexity of Consistent Query Answering in the Presence of Simple Ontologies",
  booktitle = "Proceedings of the 26th AAAI Conference on Artificial Intelligence",
  pages = "705--711",
  publisher = "American Association for Artificial Intelligence",
  address = "Toronto, Ontario, Canada",
  month = "July",
  year = "2012"
}


@comment{jabref-meta: selector_publisher:}

@comment{jabref-meta: selector_author:}

@comment{jabref-meta: selector_journal:}

@comment{jabref-meta: selector_keywords:}
